<?xml version="1.0" encoding="UTF-8"?><record xmlns="http://www.loc.gov/MARC21/slim" xmlns:cinclude="http://apache.org/cocoon/include/1.0" xmlns:zs="http://www.loc.gov/zing/srw/">
  <leader>00534cz  a2200157n  4500</leader>
  <controlfield tag="001">n  85064958 </controlfield>
  <controlfield tag="003">DLC</controlfield>
  <controlfield tag="005">20060419052225.0</controlfield>
  <controlfield tag="008">850729n| acannaabn          |a ana      </controlfield>
  <datafield tag="010" ind1=" " ind2=" ">
    <subfield code="a">n  85064958 </subfield>
    <subfield code="z">n  85064957 </subfield>
  </datafield>
  <datafield tag="035" ind1=" " ind2=" ">
    <subfield code="a">(OCoLC)oca01386828</subfield>
  </datafield>
  <datafield tag="040" ind1=" " ind2=" ">
    <subfield code="a">DLC</subfield>
    <subfield code="b">eng</subfield>
    <subfield code="c">DLC</subfield>
    <subfield code="d">DLC</subfield>
    <subfield code="d">OCoLC</subfield>
  </datafield>
  <datafield tag="110" ind1="2" ind2=" ">
    <subfield code="a">Joint Co-ordination Committee</subfield>
  </datafield>
  <datafield tag="410" ind1="1" ind2=" ">
    <subfield code="a">Malaya.</subfield>
    <subfield code="b">Joint Co-ordination Committee</subfield>
  </datafield>
  <datafield tag="410" ind1="1" ind2=" ">
    <subfield code="a">Singapore.</subfield>
    <subfield code="b">Joint Co-ordination Committee</subfield>
  </datafield>
  <datafield tag="670" ind1=" " ind2=" ">
    <subfield code="a">Its Interim report of the Joint Co-ordination Committee, 1955:</subfield>
    <subfield code="b">p. 23 (Malaya; Singapore)</subfield>
  </datafield>
</record>